
@article{polymenakos:trajectories, 
	author = {Lazaros C. Polymenakos and Dimitri P. Bertsekas and John N. Tsitsiklis}, 
	journal = {IEEE Transactions on Automatic Control}, 
	title = {Implementation of Efficient Algorithms for Globally Optimal Trajectories}, 
	year = {1998}, 
	month = {February}, 
	volume = {43}, 
	number = {2}, 
	pages = {278--283}, 
	keywords={Dijkstra-like method;competitive algorithms;continuous space shortest path problem;cost function;finite termination;globally optimal trajectories;label correcting-like methods;small label first methods;two-dimensional plane;graph theory;minimisation;optimal control;program verification;set theory;}, 
	doi={10.1109/9.661081}, 
	ISSN={0018-9286},
}

@book{Munkres:AoM,
	title		= {Analysis on Manifolds},
	year		= {1991},
	publisher	= {Westview Press},
	author		= {James R. Munkres}
}

@article{musser:introsort,
	title		= {Introspective Sorting and Selection Algorithm},
	journal		= {Software: Practice and Experience},
	year		= {1997},
	volume		= {27},
	issue 		= {8},
	pages		= {983--993},
	publisher	= {Wiley},
	author		= {David R. Musser}
}

@article{rouy:eikonal,
	title		= {A Viscosity Solutions Approach to Shape-From-Shading},
	journal		= {Journal of Numerical Analysis},
	year		= {1992},
	volume		= {29},
	pages		= {867--884},
	publisher	= {SIAM},
	author		= {Elisabeth Rouy and Agn\`{e}s Tourin}
}

@article{godunov:monotone,
	title		= {Different Methods for Shock Waves},
	year		= {1954},
	publisher	= {Moscow State University},
	author		= {Sergei K. Godunov},
	journal		= {Ph.D. Dissertation}
}

@book{Cormen:Algorithms,
	title		= {Introduction to Algorithms Second Edition},
	year		= {2001},
	publisher	= {McGraw-Hill},
	author		= {Cormen, Leiserson, Rivest, and Stein}
}

@book{bcm052000:Wavelet,
	title		= {Wavelet Files},
	publisher	= {\verb|http://www.utdallas.edu/~bcm052000/Wavelet/|}
}

@book{Brox:MSStat,
	title		= {On the Statistical Interpretation of the Piecewise Smooth Mumford-Shah Functional},
	publisher	= {Springer-Verlag Berlin Heidelberg},
	year		= {2007},
	pages		= {203--213},
	series		= {Scale Space and Variational Methods in Computer Vision}
}

@book{wiki:Butterfly,
	title		= {Butterfly Operation},
	publisher	= {\verb|http://en.wikipedia.org/wiki/Butterfly_%28FFT_algorithm%29|}
}

@book{wiki:Cache,
	title		= {Cache-Oblivious Algorithm},
	publisher	= {\verb|http://en.wikipedia.org/wiki/Cache-oblivious|}
}

@article{Caselles:GAC,
	title		= {Geodesic Active Contours},
	author		= {Vicent Caselles and Ron Kimmel and Guillermo Sapiro},
	year		= {1995},
	journal		= {IEEE Int. Conf. on Computer Vision},
	pages		= {694--699}
}

@article{Jeong:FastIterativeMethod,
	title		= {A Fast Iterative Method for Eikonal Equations},
	author		= {Won-Ki Jeong and Ross Whitaker},
	year		= {2008},
	journal		= {SIAM Journal of Scientific Computing},
	volume		= {30},
	number		= {5},
	pages		= {2512--2534}
}

@article{Glaunes:DMD,
	title		= {Diffeomorphic Matching of Distributions},
	author		= {Joan Glaunes and Alain Trouv\'{e} and Laurent Younes}
}

@article{Jeong:ParallelHJ,
	title		= {Interactive Visualization of Volumetric White Matter Connectivity in DT-MRI Using Parallel-Hardware Hamilton-Jacobi Solver},
	author		= {Won-Ki Jeong and P. Thomas Fletcher and Ran Tao and Ross Whitaker},
	year		= {2007},
	journal		= {Proceedings of IEEE Visualization},
	pages		= {1480--1487}
}

@article{smith:b-e-t,
	title		= {Fast Robust Automated Brain Extraction},
	author		= {Stephen M. Smith},
	year		= {2002},
	journal		= {Human Brain Mapping},
	volume		= {17},
	number		= {3},
	pages		= {143--155}
}
	

@article{Kass:Snakes,
	title		= {Snakes: Active Contour Models},
	author		= {Michael Kass and Andrew Witkin and Demetri Terzopoulos},
	year		= {1987},
	journal		= {International Journal of Computer Vision},
	volume		= {1},
	pages		= {321--331}
}

@article{Kichenassamy:GFGAC,
	title		= {Gradient Flows and Geometric Active Contour Models},
	author		= {Satyanad Kichenassamy and A. Kumar and Peter J. Oliver and Allen R. Tannenbaum and Anthony Yezzi},
	year		= {1995},
	journal		= {Proceedings of the IEEE Int. Conf. on Computer Vision},
	pages		= {810--815}
}

@book{Osher:2003,
	title 		= {Geometric Level Set Methods in Imaging, Vision, and Graphics},
	author		= {Stanley J. Osher and Nikos Paragios},
	publisher	= {New York : Springer-Verlag},
	year		= {2003},
}

@book{Giga:2006,
	title		= {Surface Evolution Equations: a Level Set Approach},
	author		= {Yoshikazu Giga},
	publisher	= {BirkhaÌˆuser Verlag},
	year		= {2006},
}

@article{Mumford:BDMF,
	title		= {Boundary Detection by Minimizing Functionals},
	author		= {David Mumford and Jayant M. Shah},
	year		= {1985},
	journal		= {Proc. IEEE Conf. Computer Vision and Pattern Recognition}
}

@inproceedings{mccary:ssiai-2010,
	title		= {Probabilistic Interactive Segmentation Using Multiphase Level Sets},
	author		= {Brady C McCary and Yan Cao},
	year		= {2010},
	location	= {Austin, TX},
	series		= {IEEE SSIAI 2010},
}

@article{Mumford:OAPS,
	title		= {Optimal Approximations by Piecewise Smooth Functions and Associated Variational Problems},
	author		= {David Mumford and Jayant M. Shah},
	year		= {1989},
	journal		= {Comm. Pure Appl. Math.},
	volume		= {42},
	pages		= {577--685}
}

@article{Paragios:GAR,
	title		= {Geodesic Active Regions and Level Set Methods for Supervised Texture Segmentation},
	author		= {Nikos Paragios and Rachid Deriche},
	year		= {2002},
	journal		= {International Journal of Computer Vision},
	volume		= {46},
	number		= {3},
	pages		= {223--247}
}

@article{Sundaramoorthi:SAC,
	title		= {Sobolev Active Contours},
	author		= {Ganesh Sundaramoorthi and Anthony Yezzi and Andrea C. Mennucci},
	year		= {2005},
	journal		= {VLSM},
	pages		= {109--120}
}

@article{Charpiat:2005,
	author = {Guillaume Charpiat and Renaud Keriven and Jean-Philippe Pons and Olivier Faugeras},
	title = {Designing Spatially Coherent Minimizing Flows for Variational Problems Based on Active Contours},
	journal ={Computer Vision, IEEE International Conference on},
	volume = {2},
	issn = {1550-5499},
	year = {2005},
	pages = {1403--1408},
	doi = {http://doi.ieeecomputersociety.org/10.1109/ICCV.2005.69},
	publisher = {IEEE Computer Society},
	address = {Los Alamitos, CA, USA},
}

@article{Staniforth:SemiLagrange,
	title		= {Semi-Lagrangian Integration Schemes for Atmospheric Models -- A Review},
	author		= {Andrew Staniforth and Jean C\^{o}t\'{e}},
	year		= {1991},
	journal		= {Monthly Weather Review},
	volume		= {119},
	pages		= {2206--2223}
}

@article{Michor:RG,
	title		= {Riemannian Geometries on Spaces of Plane Curves},
	author		= {Peter W. Michor and David Mumford},
	year		= {2003},
	journal		= {arXiv:math.DG/0312384}
}

@article{Sundaramoorthi:NPSAC,
	title		= {New Possibilities With Sobolev Active Contours},
	author		= {Ganesh Sundaramoorthi and Anthony Yezzi and Andrea C. Mennucci and Guillermo Sapiro}
}

@article{Bertelli:MRPS,
	title		= {A Variational Framework for Multi-Region Pairwise Similarity-based Image Segmentation},
	author		= {Luca Bertelli and Baris Sumengen and B. S. Manjunath and Frederic Gibou},
	journal		= {IEEE Transactions on Pattern Analysis and Machine Intelligence},
	year		= {2008}
}

@article{Vese:MLSF,
	title		= {A Multiphase Level Set Framework for Image Segmentation Using the Mumford and Shah Model},
	author		= {Luminita A. Vese and Tony F. Chan},
	journal		= {International Journal of Computer Vision},
	year		= {2002}
}

@article{Sumengen:GPAC,
	title		= {Graph Partitioning Active Contours (GPAC) for Image Segmentation},
	author		= {Baris Sumengen and B. S. Manjunath},
	journal		= {IEEE Transactions on Pattern Analysis and Machine Intelligence},
	year		= {2006}
}

@article{Gibou:KMeans,
	title		= {A Fast Hybrid k-Means Level Set Algorithm For Segmentation},
	author		= {Frederic Gibou and Ronald P. Fedkiw},
	journal		= {Stanford Technical Report}, 
	year		= {2002}
}


@article{Merriman:MMJ,
	author = {Barry Merriman and James K. Bence and Stanley J. Osher},
	title = {Motion of Multiple Junctions: a Level Set Approach},
	journal = {Journal of Computational Physics},
	volume = {112},
	issue = {2},
	month = {June},
	year = {1994},
	issn = {0021-9991},
	pages = {334--363},
	numpages = {30},
	url = {http://portal.acm.org/citation.cfm?id=182028.182041},
	doi = {10.1006/jcph.1994.1105},
	acmid = {182041},
	publisher = {Academic Press Professional, Inc.},
	address = {San Diego, CA, USA},
}



@article{Zhao:VLSMM,
	title		= {A Variational Level Set Approach to Multiphase Motion},
	author		= {Hong-Kai Zhao and Tony F. Chan and Barry Merriman and Stanley J. Osher},
	year		= {1996},
	journal		= {JCP}
}
	
@article{Arthur:KMEANSPP,
	title		= {k-means++: The Advantages of Careful Seeding},
	author		= {D. Arthur and S. Vassilvitskii}
}

@book{FSL,
	title		= {FMRIB Software Library},
	publisher	= {\verb|http://www.fmrib.ox.ac.uk/fsl/|}
}

@book{NIFTI,
	title		= {Neuroimaging Informatics Technology Initiative},
	publisher	= {\verb|http://nifti.nimh.nih.gov/|}
}

@article{EMD,
	title		= {A Metric for Distributions with Applications to Image Databases},
	author		= {Yossi Rubner and Carlo Tomasi and Leonidas J. Guibas},
	year		= {1998},
	journal		= {Proceedings of the 1998 IEEE International Conference of Computer Vision, Bombay, India}
}

@book{EMD:Web,
	title		= {Code for the Earth Mover Distance (EMD)},
	author		= {Carlo Tomasi},
	publisher	= {\verb|http://www.cs.duke.edu/~tomasi/software/emd.htm|}
}

@article{Kruskal:MDS,
	title		= {Multi-dimensional scaling by optimizing goodness-of-fit to a nonmetric hypothesis},
	author		= {J. B. Kruskal},
	year		= {1964},
	journal		= {Psychometrika},
	volume		= {29},
	pages		= {1--27}
}

@article{Dantzig:SimplexTransportation,
	title		= {Application of the Simplex Method to a Transportation Problem},
	author		= {G. B. Dantzig},
	year		= {1951},
	journal		= {Activity Analysis of Production and Allocation},
	pages		= {359--373}
}

@book{Osher:Book2002,
	title		= {Level Set Methods and Dynamic Implicit Surfaces},
	author		= {Stanley J. Osher and Ronald P. Fedkiw},
	publisher	= {Springer-Verlag New York, Inc.},
	year		= {2002}
}

@book{Gelfand:CoV,
	title		= {Calculus of Variations},
	author		= {I. M. Gelfand and S. V. Fomin},
	publisher	= {Dover},
	year		= {2000}
}

@article{Beg:LddmmAlg,
	title		= {Computing Large Deformation Metric Mappings via Geodesic Flows of Diffeomorphisms},
	author		= {Mirza Faisal Beg and Michael I. Miller and Alain Trouve and Laurent Younes},
	journal		= {International Journal of Computer Vision},
	year		= {2005},
	pages		= {139--157},
	volume		= {61(2)}
}

@article{Dupuis:VariationalProbsOnFlows,
	title		= {Variational Problems on Flows of Diffeomorphisms for Image Matching},
	author		= {P. Dupuis and U. Grenander and M. I. Miller},
	journal		= {Quarterly of Applied Mathematics},
	year		= {1998},
	pages		= {617--694},
	volume		= {56}
}

@article{Yushkevich:Neuroimage,
	title		= {User-Guided 3D Active Contour Segmentation of Anatomical Structures: Significantly Improved Efficiency and Reliability},
	author		= {Paul A. Yushkevich and Joseph Piven and Heather Cody Hazlett and Rachel Gimpel Smith and Sean Ho and James C. Gee and Guido Gerig},
	journal		= {Neuroimage},
	year		= {2006},
	number		= {31},
	volume		= {3},
	pages		= {1116--1128}
}

@article{Chan:ACWE,
	title		= {Active Contours Without Edges},
	author		= {Tony F. Chan and Luminita A. Vese},
	journal		= {IEEE Transactions on Image Processing},
	year		= {2001},
	volume		= {10},
	number		= {2},
	pages		= {266--277}
}

@article{Sethian:FMM,
	title		= {Fast Marching Methods},
	author		= {James A. Sethian},
	journal		= {SIAM Review},
	year		= {1999},
	volume		= {41},
	number		= {2},
	pages		= {199--235}
}

@article{Zhu:RegionCompetition,
	title		= {Region Competition: Unifying Snakes, Region Growing, and Bayes/MDL for Multiband Image Segmentation},
	author		= {Song Chun Zhu and Alan Yuille},
	journal		= {IEEE Transactions on Pattern Analysis and Machine Intelligence},
	year		= {1996},
	volume		= {18},
	number		= {9},
	pages		= {884--900}
}

@article{fomel:variational-eikonal,
	title		= {A Variational Formulation of the Fast Marching Eikonal Solver},
	author		= {Sergey Fomel},
	journal		= {Stanford Exploration Project},
	year		= {2000},
	volume		= {95},
	pages		= {455--476}
}

@article{Osher:LSM,
	title		= {Fronts Propagating with Curvature Dependent Speed: Algorithms based on Hamilton-Jacobi Formulations},
	author		= {Stanley J. Osher and James A. Sethian},
	journal		= {Journal of Computational Physics},
	year		= {1988},
	volume		= {79},
	pages		= {12--49}
}

@article{Peng:LocalLSM,
	title		= {A PDE-Based Fast Local Level Set Method},
	author		= {Danping Peng and Barry Merriman and Stanley J. Osher and Hong-Kai Zhao and Myungjoo Kang},
	journal 	= {Journal of Computational Physics},
	year		= {1999},
	volume		= {155},
	pages		= {410--438}
}

@article{Tsai:MumfordShah,
	title		= {Curve Evolution Implementation of the Mumford-Shah Functional for Image Segmentation, Denoising, Interpolation, and Magnification},
	author		= {Andy Tsai and Anthony Yezzi and Alan S. Willsky},
	journal		= {IEEE Transactions on Image Processing},
	year		= {2001},
	volume		= {10},
	number		= {8},
	pages		= {1169--1186}
}

@article{Cremers:LabelDensity,
	title		= {A Probabilistic Level Set Formulation for Interactive Organ Segmentation},
	author		= {Daniel Cremers and Oliver Fluck and Mikael Rousson and Shmuel Aharon},
	journal		= {Proc. SPIE},
	volume		= {6512},
	number		= {65120V},
	year		= {2007}
}

@article{Tsitsiklis:OptimalTraj,
	title		= {Efficient Algorithms for Globally Optimal Trajectories},
	author		= {John N. Tsitsiklis},
	journal		= {IEEE Transactions on Automatic Control},
	volume		= {40},
	number		= {9},
	month		= {September},
	year		= {1995},
	pages		= {1528--1538}
}

@article{Adalsteinsson:ExtensionVelocities,
	author		= {David Adalsteinsson and James A. Sethian},
	title		= {The Fast Construction of Extension Velocities in Level Set Methods},
	journal		= {Journal of Computational Physics},
	year		= {1997},
	volume		= {148},
	pages		= {2--22}
}

@article{yhr-tsai:fast-sweeping,
	author		= {Yen-Hsi Richard Tsai and Li-Tien Cheng and Stanley Osher and Hong-Kai Zhao},
	title		= {Fast Sweeping Algorithms for a class of Hamilton-Jacobi Equations},
	year		= {2003},
	journal		= {SIAM Journal of Numerical Analysis},
	pages		= {673--694},
	volume		= {41},
	number		= {2}
}

@inproceedings{Rousson:ProbabilityDensity,
	title		= {A Variational Framework for Active and Adaptative Segmenation of Vector Valued Images},
	author		= {Mikael Rousson and Rachide Deriche},
	journal		= {In Proc. IEEE Workshop on Motion and Video Computing},
	year		= {2002},
	pages		= {56--62}
}

@article{Mansouri:Multiregion,
	title 		= {Multiregion Competition: A Level Set Extension of Region Competition to Multiple Region Image Partitioning},
	author 		= {Abdol-Reza Mansouri and Amar Mitiche and Carlos VÃ¡zquez},
	journal 	= {Computer Vision and Image Understanding},
	volume 		= {101},
	number 		= {3},
	pages 		= {137--150},
	year 		= {2006},
}

@article{Perona:AnisoDiff,
	title		= {Scale-space and Edge Detection Using Anisotropic Diffusion},
	author		= {P. Perona and J. Malik},
	journal		= {IEEE Transactions on Pattern Analysis and Machine Intelligence},
	volume		= {22},
	number		= {8},
	pages		= {629--639},
	year 		= {1990}
}

@book{Sethian:LSMFMM,
	title 		= {Level Set Methods and Fast Marching Methods}, 
	author		= {James A. Sethian}, 
	publisher	= {Cambridge Press}, 
	year		= {1999},
	edition		= {2},
}

@article{Whitaker:SparseField,
	title 		= {A Level-Set Approach to 3D Reconstruction from Range Data},
	author		= {Ross Whitaker},
	journal		= {International Journal of Computer Vision},
	volume		= {29},
	number		= {3},
	pages		= {203--231},
	year		= {1998}
}

@article{Whitaker:VectorDiff,
	title		= {Vector-Valued Diffusion},
	author		= {Ross Whitaker and G. Gerig},
	publisher	= {Kluwer Academic Publishers},
	pages		= {93--134},
	year		= {1994}
}


@article{Song:AFastLSM,
	title		= {A Fast Algorithm for Level Set Based Optimization},
	author		= {Bing Song and Tony F. Chan},
	journal		= {CAM-UCLA},
	year		= {2002},
	volume		= {68},
}

@inproceedings{He:TopoDerivLSM,
	 author = {Lin He and Stanley J. Osher},
	 title = {Solving the Chan-Vese model by a Multiphase Level Set Algorithm based on the Topological Derivative},
	 booktitle = {Proceedings of the 1st international conference on Scale space and variational methods in computer vision},
	 series = {SSVM'07},
	 year = {2007},
	 isbn = {978-3-540-72822-1},
	 location = {Ischia, Italy},
	 pages = {777--788},
	 numpages = {12},
	 url = {http://portal.acm.org/citation.cfm?id=1767926.1768001},
	 acmid = {1768001},
	 publisher = {Springer-Verlag},
	 address = {Berlin, Heidelberg},
	 keywords = {chan-vese model, image segmentation, level set methods, topological derivative},
} 

@InProceedings{Martin:FTM01,
	author 		= {D. Martin and C. Fowlkes and D. Tal and J. Malik},
	title		= {A Database of Human Segmented Natural Images and its Application to Evaluating Segmentation Algorithms and Measuring Ecological Statistics},
	booktitle	= {Proc. 8th Int'l Conf. Computer Vision},
	year		= {2001},
	month		= {July},
	volume		= {2},
	pages		= {416--423}
}

@InProceedings{Boykov:InteractiveGraphCuts,
	author		= {Yuri Y. Boykov and Marie-Pierre Jolly},
	title		= {Interactive Graph Cuts for Optimal Boundary and Region Segmentation of Objects in N-D Images},
	booktitle	= {Proc. Int'l Conf. Computer Vision},
	year		= {2001},
	publisher 	= {IEEE}
}

@InProceedings{Blake:InteractiveGMMRF,
	author		= {Andrew Blake and Carsten Rother and M. Brown and Patrick P\'{e}rez and P. Torr},
	title		= {Interactive Image Segmentation Using an Adaptive GMMRF Model},
	booktitle	= {Proc. European Conf. of Computer Vision},
	year		= {2004},
	publisher	= {Springer-Verlag}
}

@article{Rother:GrabCut,
	author		= {Carsten Rother and Vladimir Kolmogorov and Andrew Blake},
	title		= {GrabCut: Interactive Foreground Extraction Using Iterated Graph Cuts},
	journal		= {ACM Trans. Graph.},
	volume		= {23},
	number		= {3},
	year		= {2004},
	issn		= {0730-0301},
	pages		= {309--314},
	doi		= {http://doi.acm.org/10.1145/1015706.1015720},
	publisher	= {ACM},
	address		= {New York, NY, USA},
}

@InProceedings{Morensen:IntelligentScissors,
	author		= {Mortensen, Eric N. and Barrett, William A.},
	title		= {Intelligent scissors for image composition},
	booktitle	= {SIGGRAPH '95: Proceedings of the 22nd Annual Conference on Computer Graphics and Interactive Techniques},
	year		= {1995},
	isbn		= {0-89791-701-4},
	pages		= {191--198},
	doi		= {http://doi.acm.org/10.1145/218380.218442},
	publisher	= {ACM},
	address		= {New York, NY, USA},
}

@inproceedings{Pavlopoulou:MarkovBoundary,
	author		= {Pavlopoulou, Christina and Kak, Avi},
	title		= {Globally Optimal Interactive Boundary Extraction Using Markov Chain Modeling},
	booktitle	= {CVPRW '06: Proceedings of the 2006 Conference on Computer Vision and Pattern Recognition Workshop},
	year		= {2006},
	isbn		= {0-7695-2646-2},
	pages		= {187},
	doi		= {http://dx.doi.org/10.1109/CVPRW.2006.90},
	publisher	= {IEEE Computer Society},
	address		= {Washington, DC, USA},
}

@TechReport{Pebay:IterativeStatistics,
	author		= {Philippe PÃ©bay},
	title		= {Formulas for Robust, One-Pass Parallel Computation of Covariances and Arbitrary-Order Statistical Moments}, 
	number		= {SAND2008-6212},
	institution	= {Sandia National Laboratories},
	year		= {2008}
}

@TechReport{Chan:IterativeStatistics,
	author		= {Tony F. Chan and Gene H. Golub and Randall J. LeVeque},
	title		= {Updating Formulae and a Pairwise Algorithm for Computing Sample Variances}, 
	number		= {STAN-CS-79-773},
	institution	= {Department of Computer Science, Stanford University},
	year		= {1979}
}

@article{Yang:IFGT,
	author		= {Changjiang Yang and Ramani Duraiswami and Nail A. Gumerov},
	title		= {Improved Fast Gauss Transform}
}


	
